@inproceedings{python-control2021,
  title={{The Python Control Systems Library (python-control)}},
  author={Fuller, Sawyer and Greiner, Ben and Moore, Jason and
          Murray, Richard and van Paassen, Ren{\'e} and Yorke, Rory},
  booktitle={60th IEEE Conference on Decision and Control (CDC)},
  pages={4875--4881},
  year={2021},
  organization={IEEE}
}

@misc{ipykernel2021,
  author = {Silvester, Steven},
  title = {{ipykernel}},
  year = {2021},
  publisher = {GitHub},
  journal = {GitHub repository},
  howpublished = {\url{https://github.com/ipython/ipykernel}}
}

@misc{ipympl2017,
  author = {Silvester, Steven},
  title = {{ipympl}},
  year = {2017},
  publisher = {GitHub},
  journal = {GitHub repository},
  howpublished = {\url{https://github.com/matplotlib/ipympl}}
}

@article{Hunter_Matplotlib_A_2D_2007,
    author = {Hunter, John D.},
    doi = {10.1109/MCSE.2007.55},
    journal = {Computing in Science \& Engineering},
    number = {3},
    pages = {90--95},
    title = {{Matplotlib: A 2D graphics environment}},
    volume = {9},
    year = {2007}
}

@software{Mentel_mendeleev_-_A_2021,
    author = {Mentel, Łukasz},
    doi = {10.5281/zenodo.5233824},
    month = mar,
    title = {{mendeleev - A Python package with properties of chemical elements, ions, isotopes and methods to manipulate and visualize periodic table.}},
    url = {https://github.com/lmmentel/mendeleev},
    version = {0.15.0},
    year = {2021}
}

@article{2020NumPy-Array,
  author  = {Harris, Charles R. and Millman, K. Jarrod and
            van der Walt, Stéfan J and Gommers, Ralf and
            Virtanen, Pauli and Cournapeau, David and
            Wieser, Eric and Taylor, Julian and Berg, Sebastian and
            Smith, Nathaniel J. and Kern, Robert and Picus, Matti and
            Hoyer, Stephan and van Kerkwijk, Marten H. and
            Brett, Matthew and Haldane, Allan and
            Fernández del Río, Jaime and Wiebe, Mark and
            Peterson, Pearu and Gérard-Marchant, Pierre and
            Sheppard, Kevin and Reddy, Tyler and Weckesser, Warren and
            Abbasi, Hameer and Gohlke, Christoph and
            Oliphant, Travis E.},
  title   = {Array programming with {NumPy}},
  journal = {Nature},
  year    = {2020},
  volume  = {585},
  pages   = {357--362},
  doi     = {10.1038/s41586-020-2649-2}
}

@software{The_pandas_development_team_pandas-dev_pandas_Pandas,
    author = {{The pandas development team}},
    doi = {10.5281/zenodo.3509134},
    license = {BSD-3-Clause},
    title = {{pandas-dev/pandas: Pandas}},
    url = {https://github.com/pandas-dev/pandas}
}

@misc{physdata2016,
  author = {Hernández, Guillermo},
  title = {physdata},
  year = {2016},
  publisher = {GitHub},
  journal = {GitHub repository},
  howpublished = {\url{https://github.com/Dih5/physdata}},
}

@software{chris_martin_2022_7262173,
  author       = {Chris Martin and
                  Joe Ranalli and
                  Jacob Moore},
  title        = {chmarti1/PYroMat: Version 2.2.4},
  month        = oct,
  year         = 2022,
  publisher    = {Zenodo},
  version      = {v2.2.4},
  doi          = {10.5281/zenodo.7262173},
  url          = {https://doi.org/10.5281/zenodo.7262173}
}

@misc{pyxsteam2020,
  author = {drunsinn and Holmgren, Magnus},
  title = {pyxsteam},
  year = {2020},
  publisher = {GitHub},
  journal = {GitHub repository},
  howpublished = {\url{https://github.com/drunsinn/pyXSteam}},
}

@article{2020SciPy-NMeth,
  author  = {Virtanen, Pauli and Gommers, Ralf and Oliphant, Travis E. and
            Haberland, Matt and Reddy, Tyler and Cournapeau, David and
            Burovski, Evgeni and Peterson, Pearu and Weckesser, Warren and
            Bright, Jonathan and {van der Walt}, St{\'e}fan J. and
            Brett, Matthew and Wilson, Joshua and Millman, K. Jarrod and
            Mayorov, Nikolay and Nelson, Andrew R. J. and Jones, Eric and
            Kern, Robert and Larson, Eric and Carey, C J and
            Polat, {\.I}lhan and Feng, Yu and Moore, Eric W. and
            {VanderPlas}, Jake and Laxalde, Denis and Perktold, Josef and
            Cimrman, Robert and Henriksen, Ian and Quintero, E. A. and
            Harris, Charles R. and Archibald, Anne M. and
            Ribeiro, Ant{\^o}nio H. and Pedregosa, Fabian and
            {van Mulbregt}, Paul and {SciPy 1.0 Contributors}},
  title   = {{{SciPy} 1.0: Fundamental Algorithms for Scientific
            Computing in Python}},
  journal = {Nature Methods},
  year    = {2020},
  volume  = {17},
  pages   = {261--272},
  url     = {https://doi.org/10.1038/s41592-019-0686-2},
  adsurl  = {https://ui.adsabs.harvard.edu/abs/2020NatMe..17..261V},
  doi     = {10.1038/s41592-019-0686-2},
}

@article{Meurer_SymPy_symbolic_computing_2017,
    author = {Meurer, Aaron and Smith, Christopher P. and Paprocki, Mateusz 
    and Čertík, Ondřej and Kirpichev, Sergey B. and Rocklin, Matthew and 
    Kumar, Amit and Ivanov, Sergiu and Moore, Jason K. and Singh, Sartaj 
    and Rathnayake, Thilina and Vig, Sean and Granger, Brian E. and Muller, 
    Richard P. and Bonazzi, Fransesco and Gupta, Harsh and Vats, Shivam and 
    Johansson, Fredrik and Pedregosa, Fabian and Curry, Matthew J. and Terrel, 
    Andy R. and Roučka, Štěpán and Saboo, Ashutosh and Fernando, Isuru and 
    Kulal, Sumith and Cimrmam, Robert and Scopatz, Anthony},
    doi = {10.7717/peerj-cs.103},
    journal = {PeerJ Computer Science},
    month = jan,
    title = {{SymPy: symbolic computing in Python}},
    url = {https://doi.org/10.7717/peerj-cs.103},
    volume = {3},
    year = {2017}
}

@misc{micropython-ili9341,
  author = {rdagger},
  title = {micropython-ili9341},
  year = {2020},
  publisher = {GitHub},
  journal = {GitHub repository},
  howpublished = {\url{https://github.com/rdagger/micropython-ili9341}}
}

@misc{micropython_ir2020,
  author = {Hinch, Peter},
  title = {micropython\_ir},
  year = {2020},
  publisher = {GitHub},
  journal = {GitHub repository},
  howpublished = {\url{https://github.com/peterhinch/micropython_ir}}
}

@book{mechanics-of-materials,
  author         = {Russel C. Hibbeler},
  publisher      = {Pearson},
  title          = {Mechanics of Materials Plus Mastering Engineering (10th Edition)},
  year           = {2016}
}

@book{thermodynamics,
  author         = {Michael J. Moran and Howard N. Shapiro and Daisie D. Boettner and Margaret B. Bailey},
  publisher      = {Wiley and Sons},
  title          = {Fundamentals of Engineering Thermodynamics, 9th Edition},
  year           = {2018}
}

@book{fluid-mechanics,
  author         = {Bruce R. Munson and Alric P. Rothmayer and Theodore H. Okiishi and Wade W. Huebsch},
  publisher      = {Wiley and Sons},
  title          = {Fundamentals of Fluid Mechanics, 7th Edition},
  year           = {2012}
}

@book{heat-transfer,
  author         = {Theodore L. Bergman and  Adrienne S. Lavine and Frank P. Incropera and David P. DeWitt},
  publisher      = {Wiley and Sons},
  title          = {Fundamentals of Heat and Mass Transfer, 7th Edition},
  year           = {2011}
}

@misc{stoplight,
  author       = {Bailey Brown},
  title        = {Arduino Uno Stoplight Activity},
  year         = {2020},
  howpublished = {Class Assignment}
}

@misc{simon-says,
  author       = {Ronald Brockhoff},
  title        = {Exercise \#7: Simon Says},
  year         = {2023},
  howpublished = {Lab Assignment}
}

@misc{controls-4,
  author       = {Dale Schinstock and Constance Lare},
  howpublished = {Lab Assignment},
  title        = {Laboratory \#4}
}

@misc{controls-10,
  author       = {Dale Schinstock and Constance Lare},
  howpublished = {Lab Assignment},
  title        = {Laboratory \#10}
}

@misc{controls-13,
  author       = {Dale Schinstock and Constance Lare},
  howpublished = {Lab Assignment},
  title        = {Laboratory \#13}
}

@misc{flowchart2022,
  author       = {Kansas State University},
  howpublished = {\url{https://www.mne.k-state.edu/student-success/advising/k-state-8/}},
  title        = {K-State 8 Curriculum},
  year         = {2022}
}

@misc{abet,
  author       = {Kansas State University},
  howpublished = {\url{https://www.mne.k-state.edu/academics/accreditation/}},
  title        = {Program Accreditation and Information},
  year         = {2023}
}